% book
% Required fields: author or editor, title, publisher, year. 
% Optional fields: volume or number, series, address, edition, month, note.
@book{coulouris,
  author = {Coulouris  G.  F.,  Dollimore J. e  Kindberg T},
  title = {Distributed Systems: concepts and Design},
  publisher = {Addison-Wesley},
  year = {1994},
  edition = "second edition"

}

@book{sanders2020intrusion,
  title={Intrusion Detection Honeypots: Detection Through Deception},
  author={Sanders, C.},
  isbn={9781735188300},
  url={https://books.google.it/books?id=suubzQEACAAJ},
  year={2020},
  publisher={Applied Network Defense}
}

@article{deception_defense,
  author={McQueen, Miles A. and Boyer, Wayne F.},
  booktitle={2009 2nd Conference on Human System Interactions}, 
  title={Deception used for cyber defense of control systems}, 
  year={2009},
  volume={},
  number={},
  pages={624-631},
  doi={10.1109/HSI.2009.5091050}
}


@article{deceptive_files,
author = {Yuill, Jim and Zappe, Michael and Denning, Dorothy and Feer, F.},
year = {2004},
month = {07},
pages = {116 - 122},
title = {Honeyfiles: Deceptive files for intrusion detection},
isbn = {0-7803-8572-1},
doi = {10.1109/IAW.2004.1437806}
}

@article{malware_capturing,
  author={Ali, P Dilsheer and Kumar, T. Gireesh},
  booktitle={2017 Innovations in Power and Advanced Computing Technologies (i-PACT)}, 
  title={Malware capturing and detection in dionaea honeypot}, 
  year={2017},
  volume={},
  number={},
  pages={1-5},
  doi={10.1109/IPACT.2017.8245158}
}

@article{malicious_access,
  author={Saikawa, Koki and Klyuev, Vitaly},
  booktitle={2019 10th IEEE International Conference on Intelligent Data Acquisition and Advanced Computing Systems: Technology and Applications (IDAACS)}, 
  title={Detection and Classification of Malicious Access using a Dionaea Honeypot}, 
  year={2019},
  volume={2},
  number={},
  pages={844-848},
  doi={10.1109/IDAACS.2019.8924340}
}

@article{review,
  author={Razali, Mohamad Faiz and Razali, Muhammad Nazim and Mansor, Fawwaz Zamir and Muruti, Gopinath and Jamil, Norziana},
  booktitle={2018 IEEE Conference on Application, Information and Network Security (AINS)}, 
  title={IoT Honeypot: A Review from Researcher's Perspective}, 
  year={2018},
  volume={},
  number={},
  pages={93-98},
  doi={10.1109/AINS.2018.8631494}
}

@misc{guarnizo2017siphon,
      title={SIPHON: Towards Scalable High-Interaction Physical Honeypots}, 
      author={Juan Guarnizo and Amit Tambe and Suman Sankar Bhunia and Mart√≠n Ochoa and Nils Tippenhauer and Asaf Shabtai and Yuval Elovici},
      year={2017},
      eprint={1701.02446},
      archivePrefix={arXiv},
      primaryClass={cs.CR}
}

@article{gandhi,
author = {Gandhi, Usha and M K, Priyan and Varatharajan, Ramachandran and Manogaran, Gunasekaran and Sundarasekar, Revathi and Kadu, Shreyas},
year = {2018},
month = {11},
pages = {},
title = {HIoTPOT: Surveillance on IoT Devices against Recent Threats},
volume = {103},
journal = {Wireless Personal Communications},
doi = {10.1007/s11277-018-5307-3}
}

@article{IoTPOT,
author = {Pa, Yin and Suzuki, Shogo and Yoshioka, Katsunari and Matsumoto, Tsutomu and Kasama, Takahiro and Rossow, Christian},
year = {2016},
month = {05},
pages = {522-533},
title = {IoTPOT: A novel honeypot for revealing current IoT threats},
volume = {24},
journal = {Journal of Information Processing},
doi = {10.2197/ipsjjip.24.522}
}

@misc{wang2018thingpot,
      title={ThingPot: an interactive Internet-of-Things honeypot}, 
      author={Meng Wang and Javier Santillan and Fernando Kuipers},
      year={2018},
      eprint={1807.04114},
      archivePrefix={arXiv},
      primaryClass={cs.NI}
}

@article{Honware,
  author={Vetterl, Alexander and Clayton, Richard},
  booktitle={2019 APWG Symposium on Electronic Crime Research (eCrime)}, 
  title={Honware: A Virtual Honeypot Framework for Capturing CPE and IoT Zero Days}, 
  year={2019},
  volume={},
  number={},
  pages={1-13},
  doi={10.1109/eCrime47957.2019.9037501}
}


% website
% as misc
% Required fields: none. 
% Optional fields: author, title, howpublished, month, year, note.
@misc{techtarget,
  title = {Honeypot definition},
  howpublished = {https://searchsecurity.techtarget.com/definition/honey-pot}
}

@misc{whatcowrie,
  title = {What is Cowrie},
  howpublished = {https://cowrie.readthedocs.io/en/latest/README.html}
}

@misc{dionaea,
  title = {Dionaea documentation},
  howpublished = {https://dionaea.readthedocs.io/en/latest}
}

@misc{ENISA,
  title = {Honeypots CERT Exercise Handbook - ENISA},
 
}



@article{Whaley,
author = { Barton   Whaley },
title = {Toward a general theory of deception},
journal = {Journal of Strategic Studies},
volume = {5},
number = {1},
pages = {178-192},
year  = {1982},
publisher = {Routledge},
doi = {10.1080/01402398208437106},

URL = { 
        https://doi.org/10.1080/01402398208437106
    
},
eprint = { 
        https://doi.org/10.1080/01402398208437106
    
}

}

